@MISC{sc_def,
author = {Investopedia},
title = {Spurious correlation},
month = may,
year = {2021},
howpublished={\url{https://www.investopedia.com/terms/s/spurious_correlation.asp}}
}
@INPROCEEDINGS{5995347,
author={Torralba, Antonio and Efros, Alexei A.}, 
booktitle={CVPR 2011}, 
title={Unbiased look at dataset bias},
year={2011}, 
volume={},
number={},  
pages={1521-1528},
doi={10.1109/CVPR.2011.5995347}
}
@InProceedings{Singh_2020_CVPR,
author = {Singh, Krishna Kumar and Mahajan, Dhruv and Grauman, Kristen and Lee, Yong Jae and Feiszli, Matt and Ghadiyaram, Deepti},
title = {Don't Judge an Object by Its Context: Learning to Overcome Contextual Bias},
booktitle = {Proceedings of the IEEE/CVF Conference on Computer Vision and Pattern Recognition (CVPR)},
month = {June},
year = {2020}
}
@InProceedings{Kim_2019_CVPR,
author = {Kim, Byungju and Kim, Hyunwoo and Kim, Kyungsu and Kim, Sungjin and Kim, Junmo},
title = {Learning Not to Learn: Training Deep Neural Networks With Biased Data},
booktitle = {Proceedings of the IEEE/CVF Conference on Computer Vision and Pattern Recognition (CVPR)},
month = {June},
year = {2019}
}
@MISC{mnist,
author = {Yann LeCun and Corinna Cortes},
title = {MNIST handwritten digit database},
year= {2010}
}
@MISC{mnist_web,
author = {Yann LeCun},
title = {MNIST dataset},
month = {July},
year = {2021},
howpublished={\url{http://yann.lecun.com/exdb/mnist/}}
}
@InProceedings{Rothe-ICCVW-2015,
  author = {Rasmus Rothe and Radu Timofte and Luc Van Gool},
  title = {DEX: Deep EXpectation of apparent age from a single image},
  booktitle = {IEEE International Conference on Computer Vision Workshops (ICCVW)},
  year = {2015},
  month = {December},
}
@misc{lin2015microsoft,
      title={Microsoft COCO: Common Objects in Context}, 
      author={Tsung-Yi Lin and Michael Maire and Serge Belongie and Lubomir Bourdev and Ross Girshick and James Hays and Pietro Perona and Deva Ramanan and C. Lawrence Zitnick and Piotr Doll√°r},
      year={2015},
      eprint={1405.0312},
      archivePrefix={arXiv},
      primaryClass={cs.CV}
}